@Book{Tipler,
  address = {Berlin, Heidelberg},
  title = {Physik},
  isbn = {978-3-642-54166-7},
  url = {http://link.springer.com/10.1007/978-3-642-54166-7},
  language = {de},
  urldate = {2017-10-31},
  publisher = {Springer Berlin Heidelberg},
  author = {Tipler, Paul A. and Mosca, Gene},
  editor = {Wagner, Jenny},
  year = {2015},
  note = {DOI: 10.1007/978-3-642-54166-7}
}

@Manual{anleitung,
  title = {Versuchsanleitung: Leerlaufspannung und Innenwiderstand von Spannungsquellen},
}
